%% This BibTeX bibliography file was created using BibDesk.
%% http://bibdesk.sourceforge.net/

%% Created for Gang SeongMuk at 2016-08-24 00:42:21 +0100 


%% Saved with string encoding Unicode (UTF-8) 

@book{idris2014python,
  title={Python Data Analysis},
  author={Idris, Ivan},
  year={2014},
  publisher={Packt Publishing Ltd}
}

@article{shafranovich2008common,
  title={Common Format and MIME Type for Comma-Separated Values (CSV) Files.[Sl], 2005},
  author={Shafranovich, Y},
  journal={Dispon{\i}vel em:< http://www. ietf. org/rfc/rfc4180. txt},
  year={2008}
}

@article{stafford2014tracing,
  title={Tracing the trajectory of skill learning with a very large sample of online game players},
  author={Stafford, Tom and Dewar, Michael},
  journal={Psychological Science},
  volume={25},
  number={2},
  pages={511--518},
  year={2014},
  publisher={Sage Publications}
}

@article{stafford2016testing,
  title={Testing sleep consolidation in skill learning: a field study using an online game},
  author={Stafford, T and Haasnoot, E},
  journal={Topics in Cognitive Science},
  year={2016},
  publisher={Wiley}
}

@inproceedings{stonebraker2013data,
  title={Data Curation at Scale: The Data Tamer System.},
  author={Stonebraker, Michael and Bruckner, Daniel and Ilyas, Ihab F and Beskales, George and Cherniack, Mitch and Zdonik, Stanley B and Pagan, Alexander and Xu, Shan},
  booktitle={CIDR},
  year={2013}
}

@article{gallistel2004learning,
  title={The learning curve: implications of a quantitative analysis},
  author={Gallistel, Charles R and Fairhurst, Stephen and Balsam, Peter},
  journal={Proceedings of the national academy of Sciences of the united States of america},
  volume={101},
  number={36},
  pages={13124--13131},
  year={2004},
  publisher={National Acad Sciences}
}

@article{newell1981mechanisms,
  title={Mechanisms of skill acquisition and the law of practice},
  author={Newell, Allen and Rosenbloom, Paul S},
  journal={Cognitive skills and their acquisition},
  volume={1},
  pages={1--55},
  year={1981}
}

@article{donner2015piecewise,
  title={Piecewise power laws in individual learning curves},
  author={Donner, Yoni and Hardy, Joseph L},
  journal={Psychonomic bulletin \& review},
  volume={22},
  number={5},
  pages={1308--1319},
  year={2015},
  publisher={Springer}
}

@article{gaschler2007playing,
  title={Playing off the curve-testing quantitative predictions of skill acquisition theories in development of chess performance},
  author={Gaschler, Robert and Progscha, Johanna and Smallbone, Kieran and Ram, Nilam and Bilalic, Merim},
  journal={Psychological perspectives on expertise},
  volume={20},
  number={40},
  pages={137},
  year={2007}
}

@article{howard2014learning,
  title={Learning curves in highly skilled chess players: a test of the generality of the power law of practice},
  author={Howard, Robert W},
  journal={Acta psychologica},
  volume={151},
  pages={16--23},
  year={2014},
  publisher={Elsevier}
}

@article{heathcote2000power,
  title={The power law repealed: The case for an exponential law of practice},
  author={Heathcote, Andrew and Brown, Scott and Mewhort, DJK},
  journal={Psychonomic bulletin \& review},
  volume={7},
  number={2},
  pages={185--207},
  year={2000},
  publisher={Springer}
}

@book{hackeling2014mastering,
  title={Mastering Machine Learning with scikit-learn},
  author={Hackeling, Gavin},
  year={2014},
  publisher={Packt Publishing Ltd}
}

@book{harrington2012machine,
  title={Machine learning in action},
  author={Harrington, Peter},
  volume={5},
  year={2012},
  publisher={Manning Greenwich, CT}
}

@article{daume2012course,
  title={A course in Machine Learning},
  author={Daum{\'e} III, Hal},
  journal={chapter},
  volume={5},
  pages={69},
  year={2012}
}

@book{bowles2015machine,
  title={Machine learning in Python: essential techniques for predictive analysis},
  author={Bowles, Michael},
  year={2015},
  publisher={John Wiley \& Sons}
}

@manual{stuart2009Axon,
  title  = {Axon - a game for science},
  author = {P Stuart},
  note    = {Retrieved February 3, 2014, from http://preloaded.com/axon-game-science/},
  year   = {2009}
}

@manual{python2016pickle,
  title  = {12.1. pickle ? Python object serialization},
  author = {python on-line document},
  note    = {Retrieved August 16, 2016, from https://docs.python.org/3/library/pickle.html},
  year   = {n.d.}
}

@manual{python2016multiprocessing,
  title  = {16.6. multiprocessing ? Process-based ?threading? interface},
  author = {python on-line document},
  note    = {Retrieved July 13, 2016, https://docs.python.org/2/library/multiprocessing.htmll},
  year   = {n.d.}
}

@manual{pythonLeastSquare,
  title  = {SciPy.org - scipy.optimize.least\_squares},
  author = {python on-line document},
  note    = {Retrieved Aug 11, 2016, http://docs.scipy.org/doc/scipy/reference/generated/scipy.optimize.least\_squares.html\#jjmore},
  year   = {n.d.}
}

@book{james2013introduction,
  title={An introduction to statistical learning},
  author={James, Gareth and Witten, Daniela and Hastie, Trevor and Tibshirani, Robert},
  volume={6},
  year={2013},
  publisher={Springer}
}

@book{rogers2015first,
  title={A first course in machine learning},
  author={Rogers, Simon and Girolami, Mark},
  year={2015},
  publisher={CRC Press}
}

@article{murre2011power,
  title={Power laws from individual differences in learning and forgetting: mathematical analyses},
  author={Murre, Jaap MJ and Chessa, Antonio G},
  journal={Psychonomic bulletin \& review},
  volume={18},
  number={3},
  pages={592--597},
  year={2011},
  publisher={Springer}
}

@article{kounios2009aha,
  title={The Aha! Moment the cognitive neuroscience of insight},
  author={Kounios, John and Beeman, Mark},
  journal={Current directions in psychological science},
  volume={18},
  number={4},
  pages={210--216},
  year={2009},
  publisher={SAGE Publications}
}

@article{salvi2016insight,
  title={Insight solutions are correct more often than analytic solutions},
  author={Salvi, Carola and Bricolo, Emanuela and Kounios, John and Bowden, Edward and Beeman, Mark},
  journal={Thinking \& Reasoning},
  pages={1--18},
  year={2016},
  publisher={Taylor \& Francis}
}

@article{branch1999subspace,
  title={A subspace, interior, and conjugate gradient method for large-scale bound-constrained minimization problems},
  author={Branch, Mary Ann and Coleman, Thomas F and Li, Yuying},
  journal={SIAM Journal on Scientific Computing},
  volume={21},
  number={1},
  pages={1--23},
  year={1999},
  publisher={SIAM}
}

@article{lacroix2006introduction,
  title={The Introduction to the Special Issue on ?RT (N)= a+ bN-c?: The Power Law of Learning 25 years later},
  author={Lacroix, Guy L and Cousineau, Denis},
  journal={Tutorials in Quantitative Methods for Psychology},
  volume={2},
  number={2},
  pages={38--42},
  year={2006}
}

@article{ericsson1993role,
  title={The role of deliberate practice in the acquisition of expert performance.},
  author={Ericsson, K Anders and Krampe, Ralf T and Tesch-R{\"o}mer, Clemens},
  journal={Psychological review},
  volume={100},
  number={3},
  pages={363},
  year={1993},
  publisher={American Psychological Association}
}

@book{sutton1998reinforcement,
  title={Reinforcement learning: An introduction},
  author={Sutton, Richard S and Barto, Andrew G},
  volume={1},
  number={1},
  year={1998},
  publisher={MIT press Cambridge}
}